@misc{iot-ra-framework,
	author    = {Kyeong Tae Kim and Jae Deok Lim and Jeong-Nyeo Kim},
	title     = {An IoT Device-trusted Remote Attestation Framework},
	booktitle = {2022 24th International Conference on Advanced Communication Technology (ICACT)},
	year      = {2022},
	pages     = {218--223},
	organization = {IEEE}
}

@inproceedings {mage,
	author = {Guoxing Chen and Yinqian Zhang},
	title = {MAGE: Mutual Attestation for a Group of Enclaves without Trusted Third Parties},
	booktitle = {31st USENIX Security Symposium (USENIX Security 22)},
	year = {2022},
	address = {Boston, MA},
	pages = {4095--4110},
	url = {https://www.usenix.org/conference/usenixsecurity22/presentation/chen-guoxing},
	publisher = {USENIX Association},
	month = aug,
}

@misc{rfc9334,
	series =    {Request for Comments},
	number =    9334,
	howpublished =  {RFC 9334},
	publisher = {RFC Editor},
	doi =       {10.17487/RFC9334},
	url =       {https://www.rfc-editor.org/info/rfc9334},
	author =    {Henk Birkholz and Dave Thaler and Michael Richardson and Ned Smith and Wei Pan},
	title =     {Remote ATtestation procedureS (RATS) Architecture},
	pagetotal = 46,
	year =      2023,
	month =     jan,
}

@article{homorphic_encryption,
	author       = {Abbas Acar and	Hidayet Aksu and A. Selcuk Uluagac and Mauro Conti},
	title        = {A Survey on Homomorphic Encryption Schemes: Theory and Implementation},
	journal      = {CoRR},
	volume       = {abs/1704.03578},
	year         = {2017},
	url          = {http://arxiv.org/abs/1704.03578},
}

@article{smpc,
	title={Secure multiparty computation (MPC)},
	author={Lindell, Yehuda},
	journal={Cryptology ePrint Archive},
	year={2020},
	note={\url{https://eprint.iacr.org/2020/300.pdf}}
}

@misc{openenclave,
	author = {Openenclave},
	title = {Open Enclave SDK},
	howpublished = {\url{https://github.com/openenclave/openenclave}},
	year = {2023}, 
	note = {GitHub}
}

@misc{CMC_architecture,
	author = {Fraunhofer AISEC},
	title = {overview.drawio.svg},
	howpublished = {\url{https://raw.githubusercontent.com/Fraunhofer-AISEC/cmc/b339a41dd071d44ca052cb386fc70c02fe546664/doc/overview.drawio.svg}},
	year = {2023}, 
	note = {GitHub, retrieved on 14.08.23}
}

@misc{microsoft-azure-attestation,
	author = {Microsoft},
	title = {microsoft-azure-attestation},
	howpublished = {\url{https://github.com/Azure-Samples/microsoft-azure-attestation}},
	year = {2023}, 
	note = {GitHub, retrieved on 14.08.23}
}

@electronic{enarx,
	author = {Enarx},
	title = {Enarx Documentation},
	year = {2023}, 
	note = {retrieved on 14.08.23 from \url{https://enarx.dev/docs/start/introduction}}
}

@misc{go-attestation,
	author = {Google},
	title = {Go-Attestation},
	year = {2023}, 
	note = {GitHub, retrieved on 14.08.23},
	howpublished = {\url{https://github.com/google/go-attestation}}
}

@misc{Github_CMC,
	author = {Fraunhofer AISEC},
	title = {CMC},
	year = {2023},
	howpublished = {https://github.com/Fraunhofer-AISEC/cmc},
	note = {GitHub, retrieved on 12.08.23}
}

@misc{edgelessrt,
	author = {Edgelesssys},
	title = {Edgeless RT},
	howpublished = {\url{https://github.com/edgelesssys/edgelessrt}},
	year = {2023}, 
	note = {GitHub, retrieved on 14.08.23}
}

@misc{dcap_library_code,
	author={Intel Corporation},
	title={Intel(R) Software Guard Extensions Data Center Attestation Primitives},
	year={2023},
	howpublished = {\url{https://github.com/intel/SGXDataCenterAttestationPrimitives}},
	note={Github, retrieved on 29.07.23}
}

@article{flexible_RA,
	author = {Helble, Sarah C. and Kretz, Ian D. and Loscocco, Peter A. and Ramsdell, John D. and Rowe, Paul D. and Alexander, Perry},
	title = {Flexible Mechanisms for Remote Attestation},
	year = {2021},
	publisher = {Association for Computing Machinery},
	url = {https://doi.org/10.1145/3470535},
	month = {sep},
	articleno = {29},
	numpages = {23},
	journal = {ACM Trans. Priv. Secur.},
}

@electronic{tdx_paper, 
	title={Intel® Trust Domain Extensions},
	year={2023},
	organization={Intel Corporation},
	note={Whitepaper}
}

@inproceedings{trusted_socket_layers,
	author = {Niemi, Arto and Pop, Vasile Adrian Bogdan and Ekberg, Jan-Erik},
	title = {Trusted Sockets Layer: A TLS 1.3 Based Trusted Channel Protocol},
	year = {2021},
	publisher = {Springer-Verlag},
	booktitle = {Secure IT Systems: 26th Nordic Conference, NordSec 2021, Virtual Event, November 29–30, 2021, Proceedings},
	pages = {175–191},
}


@electronic{sgx_website,
	title={Intel® Software Guard Extensions - Strengthen Enclave Trust with Attestation},
	author={Intel Corporation},
	organization={Intel Corporation},
	year={2023},
	note={retrieved on 14.08.23 from \url{https://www.intel.com/content/www/us/en/developer/tools/software-guard-extensions/attestation-services.html}}
}



@inproceedings{TDX_comparison_quartet,
	title={SoK: Confidential Quartet-Comparison of Platforms for Virtualization-Based Confidential Computing},
	author={Guanciale, Roberto and Paladi, Nicolae and Vahidi, Arash},
	booktitle={2022 IEEE International Symposium on Secure and Private Execution Environment Design (SEED)},
	pages={109--120},
	year={2022},
	organization={IEEE}
}

@electronic{overview_of_sgx,
	title={General overview of Intel SGX},
	author={Schütz, Julian},
	organization={Friedrich-Alexander-Universität Erlangen-Nürnberg},
	note={retrieved on 14.08.23 from \url{https://sys.cs.fau.de/extern/lehre/ws22/akss/material/intel-sgx.pdf}}
}

@electronic{ccc_website,
	title={About the Confidential Computing Consortium},
	year={2023},
	organization={Confidential Computing Consortium},
	note={retrieved on 28.07.23 from \url{https://confidentialcomputing.io/about/}}
}




@inproceedings{CMC_paper,
	title={Universal Remote Attestation for Cloud and Edge Platforms},
	author={Ott, Simon and Kamhuber, Monika and Pecholt, Joana and Wessel, Sascha},
	booktitle = {Proceedings of the 18th International Conference on Availability, Reliability and Security},
	publisher = {Association for Computing Machinery},
	year={2023},
}

@electronic{sgx_whitepaper, 
	title={Input Types and Boundary Checking in Enclave-Definition Language (EDL) Files},
	year={2017},
	organization={Intel Corporation},
	note={Whitepaper}
}

@electronic{sgx_developer_guide, 
	title={Intel® Software Guard Extensions (Intel® SGX) SDK for Linux* OS},
	year={2023},
	organization={Intel Corporation},
	note={Developer Reference}
}

@electronic{sgx_101,
	title={SGX 101},
	year={2023},
	organization={SSLab, Georgia Tech, Atlanta},
	note={retrieved on 26.07. from \url{https://sgx101.gitbook.io/sgx101/sgx-bootstrap/enclave}}
}

@article{sgx_explained,
	title={Intel SGX explained},
	author={Costan, Victor and Devadas, Srinivas},
	journal={Cryptology ePrint Archive},
	year={2016}
}

@article{sgx_attestation_paper,
	title={Supporting Third Party Attestation for Intel® SGX with Intel® Data Center Attestation Primitives},
	author={Vinnie, Scarlata and Simon, Johnson and James, Beaney and Piotr, Zmijewsk},
	journal={Intel Cooporation: Intel Documents},
	year={2018}
}

@article{dolev_yao,
	title={On the security of public key protocols},
	author={Dolev, Danny and Yao, Andrew},
	journal={IEEE Transaction on information theory 29, 2},
	year={1983},
	note={198-208}
}

@electronic{pccs_design_guide, 
	title={Design Guide for Intel® SGX Provisioning Certificate Caching Service (Intel® SGX PCCS)},
	year={2020},
	organization={Intel Corporation},
	note={Design Guide}
}

@electronic{dcap_quote_generation,
	title={DCAP Remote Attestation flow},
	organization={Gramine},
	note={retrieved on 10.07.23 from \url{https://gramine.readthedocs.io/en/stable/\_is/dcap.svg}}
}

@electronic{gramine_dcap_attesation,
	title={Attestation and Secret Provisioning},
	organization={Gramine},
	note={Documentation, retrieved on 10.07.23 from \url{https://gramine.readthedocs.io/en/stable/attestation.html}}
}

@electronic{dcap_library_doc,
	title={Intel® Software Guard Extensions (Intel® SGX) Data Center Attestation Primitives: ECDSA Quote Library API},
	year={2023},
	organization={Intel Corporation},
	note={Documentation}
}


